@Book{ljung,
  ALTauthor = 	 {Lennart Ljung},
  ALTeditor = 	 {Thomas Kailath},
  title = 	 {System Indentification: Theory for the User},
  publisher = 	 {Prentice Hall PTR},
  year = 	 {2009},
  OPTkey = 	 {},
  OPTvolume = 	 {},
  OPTnumber = 	 {},
  OPTseries = 	 {},
  OPTaddress = 	 {},
  edition = 	 {Second edition},
}

@Book{pillonetto,
  ALTauthor = 	 {Gianluigi Pillonetto and Tianshi Chen and Alessandro Chiuso and Giuseppe De Nicolao and Lennart Ljung},
  ALTeditor = 	 {},
  title = 	 {Regularized System Identification: Learning Dynamic Models from Data},
  publisher = 	 {Springer},
  year = 	 {2021},
  OPTkey = 	 {},
  OPTvolume = 	 {},
  OPTnumber = 	 {},
  OPTseries = 	 {},
  OPTaddress = 	 {},
  OPTedition = 	 {First edition},
}

@Unpublished{smith-suppl4,
  author = 	 {Roy Smith},
  title = 	 {Supplementary notes: lecture 4},
  note = 	 {\url{https://people.ee.ethz.ch/~rsmith/idfiles/SysID_lecture04_supplement.pdf}},
  OPTkey = 	 {},
  OPTmonth = 	 {},
  OPTyear = 	 {},
  OPTannote = 	 {}
}

